<record><leader>00000cas a22000007a 4500</leader><controlfield tag="001">23881856</controlfield><controlfield tag="008">910604d18921893nhucr ne      0    0eng d</controlfield><datafield ind1=" " ind2=" " tag="010"><subfield code="a">sn 91063002 </subfield></datafield><datafield ind1=" " ind2=" " tag="040"><subfield code="a">NVH</subfield><subfield code="b">eng</subfield><subfield code="c">NVH</subfield><subfield code="d">OCLCQ</subfield></datafield><datafield ind1=" " ind2=" " tag="042"><subfield code="a">msc</subfield></datafield><datafield ind1="0" ind2="4" tag="245"><subfield code="a">The Twice-a-week people and patriot.</subfield></datafield><datafield ind1=" " ind2=" " tag="260"><subfield code="a">Concord, N.H. :</subfield><subfield code="b">N.H. Democratic Press</subfield></datafield><datafield ind1=" " ind2=" " tag="300"><subfield code="a">v.</subfield></datafield><datafield ind1=" " ind2=" " tag="310"><subfield code="a">Semiweekly</subfield></datafield><datafield ind1="0" ind2=" " tag="362"><subfield code="a">New ser., vol. 1, no. 1 (Sept. 2, 1892)-new ser., v. 1, no. 97 (Aug. 4, 1893).</subfield></datafield><datafield ind1=" " ind2=" " tag="580"><subfield code="a">Daily eds.: People and patriot (Concord, N.H. : 1889 : Daily), and: Daily people and patriot (Concord, N.H. : 1893).</subfield></datafield><datafield ind1=" " ind2=" " tag="752"><subfield code="a">United States</subfield><subfield code="b">New Hampshire</subfield><subfield code="c">Merrimack</subfield><subfield code="d">Concord.</subfield></datafield><datafield ind1="1" ind2=" " tag="775"><subfield code="t">People and patriot (Concord, N.H. : 1889 : Daily)</subfield><subfield code="w">(DLC)sn 91063054</subfield></datafield><datafield ind1="1" ind2=" " tag="775"><subfield code="t">Daily people and patriot (Concord, N.H. : 1893)</subfield><subfield code="w">(DLC)sn 91063055</subfield></datafield><datafield ind1="0" ind2="0" tag="780"><subfield code="t">People and patriot (Concord, N.H. : 1883 : Weekly)</subfield><subfield code="w">(DLC)sn 84020381</subfield></datafield><datafield ind1="0" ind2="0" tag="785"><subfield code="t">New Hampshire people and patriot</subfield><subfield code="w">(DLC)sn 91063003</subfield></datafield></record>